

@inproceedings{kang2023exploring,
  title={Exploring and optimising infectious disease policies with a stylised agent-based model},
  author={Kang, Jeonghwa and Raimbault, Juste},
  booktitle={French Regional Conference on Complex Systems},
  pages={179--196},
  year={2023}
}

@article{raimbault2021estimating,
  title={Estimating public transport congestion in UK urban areas with open transport models},
  author={Raimbault, Juste and Batty, Michael},
  journal={arXiv preprint arXiv:2104.14359},
  year={2021}
}

@inproceedings{colomb2024projet,
  title={Projet ICI—Utilisation d’un jumeau num{\'e}rique pour des simulations {\'e}pid{\'e}miologiques},
  author={Colomb, Maxime and Cormier, Quentin and Graham, Carl and Perret, Julien and Talay, Denis},
  booktitle={Journ{\'e}e de la recherche de l’IGN 2024},
  year={2024}
}

@inproceedings{raimbault2019generating,
  title={Generating urban morphologies at large scales},
  author={Raimbault, Juste and Perret, Julien},
  booktitle={Artificial Life Conference Proceedings},
  pages={179--186},
  year={2019},
  organization={MIT Press One Rogers Street, Cambridge, MA 02142-1209, USA journals-info~…}
}

@article{raimbault2018calibration,
  title={Calibration of a density-based model of urban morphogenesis},
  author={Raimbault, Juste},
  journal={PloS one},
  volume={13},
  number={9},
  pages={e0203516},
  year={2018},
  publisher={Public Library of Science San Francisco, CA USA}
}

@article{raimbault2019space,
  title={Space Matters: Extending Sensitivity Analysis to Initial Spatial Conditions in Geosimulation Models},
  author={Raimbault, Juste and Cottineau, Cl{\'e}mentine and Le Texier, Marion and Le Nechet, Florent and Reuillon, Romain},
  journal={Journal of Artificial Societies and Social Simulation},
  volume={22},
  number={4},
  year={2019},
  publisher={JASSS}
}


@article{colomb2022parcel,
  title={Parcel Manager: A parcel reshaping model incorporating design rules of residential development},
  author={Colomb, Maxime and Tannier, C{\'e}cile and Perret, Julien and Chapron, Paul and Brasebin, Micka{\"e}l},
  journal={Transactions in GIS},
  volume={26},
  number={6},
  pages={2558--2597},
  year={2022},
  publisher={Wiley Online Library}
}


@inproceedings{brasebin2017apports,
  title={Apports des m{\'e}thodes d'exploration et de distribution appliqu{\'e}es {\`a} la simulation des droits {\`a} b{\^a}tir},
  author={Brasebin, Micka{\"e}l and Chapron, Paul and Ch{\'e}rel, Guillaume and Leclaire, Mathieu and Lokhat, Imran and Perret, Julien and Reuillon, Romain},
  booktitle={Spatial Analysis and GEOmatics 2017},
  year={2017}
}


@incollection{pumain2008socio,
  title={The socio-spatial dynamics of systems of cities and innovation processes: a multi-level model},
  author={Pumain, Denise},
  booktitle={The dynamics of complex urban systems: An interdisciplinary approach},
  pages={373--389},
  year={2008},
  publisher={Springer}
}

@inproceedings{curie2010simulation,
  title={Simulation of urban blocks densification},
  author={Curie, Florence and Perret, Julien and Ruas, Anne},
  booktitle={13th agile international conference on geographic information science},
  year={2010}
}


@article{chakraborty2025model,
  title={Model's parameter sensitivity assessment and their impact on Urban Densification using regression analysis},
  author={Chakraborty, Anasua and Joshi, Mitali and Mustafa, Ahmed and Cools, Mario and Teller, Jacques},
  journal={Geography and Sustainability},
  pages={100276},
  year={2025},
  publisher={Elsevier}
}

@inproceedings{guardiola2024benchmarking,
  title={Benchmarking algorithms for matching geospatial vector data},
  author={Guardiola, Paul and Raimbault, Juste and Olteanu-Raimond, Ana-Maria and Perret, Julien},
  booktitle={Proceedings of the French Regional Conference on Complex Systems},
  pages={277--280},
  year={2024}
}


@inproceedings{bucher2024conceptualising,
  title={Conceptualising a co-operative building evolution dashboard on city regions over the past decades for densification studies},
  author={Bucher, B{\'e}n{\'e}dicte and Ndim, Mouhamadou and Olteanu-Raimond, Ana-Maria and Raimbault, Juste and Perret, Julien and Dembski, Sebastian and Jehling, Mathias},
  booktitle={27th AGILE Conference on Geographic Information Science," Geographic Information Science for a Sustainable Future"},
  volume={5},
  year={2024}
}


@article{chakraborty2022cellular,
  title={Cellular automata in modeling and predicting urban densification: Revisiting the literature since 1971},
  author={Chakraborty, Anasua and Sikder, Sujit and Omrani, Hichem and Teller, Jacques},
  journal={Land},
  volume={11},
  number={7},
  pages={1113},
  year={2022},
  publisher={MDPI}
}

@article{pawar2023analysis,
  title={Analysis of residential location choices of different socio-economic groups and their impact on the density in a city using agent based modelling},
  author={Pawar, Shubham and Jha, Ashutosh Kumar},
  journal={Applied Spatial Analysis and Policy},
  volume={16},
  number={1},
  pages={119--139},
  year={2023},
  publisher={Springer}
}


@incollection{leao2018agent,
  title={An agent-based model for high-density urban redevelopment under varied market and planning contexts},
  author={Leao, Simone Zarpelon and Gaudou, Benoit and Pettit, Chris},
  booktitle={Real estate and GIS},
  pages={116--139},
  year={2018},
  publisher={Routledge}
}

@article{burke20243d,
  title={A 3D agent-based model for simulating urban densification in Toronto, Canada},
  author={Burke, Richard and Sengupta, Raja and Ford, Alistair},
  journal={Environment and Planning B: Urban Analytics and City Science},
  pages={23998083241261762},
  year={2024},
  publisher={SAGE Publications Sage UK: London, England}
}

@article{grimm2020odd,
  title={The ODD protocol for describing agent-based and other simulation models: A second update to improve clarity, replication, and structural realism},
  author={Grimm, Volker and Railsback, Steven F and Vincenot, Christian E and Berger, Uta and Gallagher, Cara and DeAngelis, Donald L and Edmonds, Bruce and Ge, Jiaqi and Giske, Jarl and Groeneveld, Juergen and others},
  journal={Journal of Artificial Societies and Social Simulation},
  volume={23},
  number={2},
  year={2020}
}
